@book{lambda-overview,
  title={The lambda calculus},
  author={Barendregt, Hendrik Pieter and others},
  volume={3},
  year={1984}
}

@book{strong-normalisation,
  title={Lambda calculus with types},
  author={Barendregt, Henk and Dekkers, Wil and Statman, Richard},
  year={2013},
  publisher={Cambridge University Press}
}

@book{curry-howard,
  title={Lectures on the Curry-Howard isomorphism},
  author={S{\o}rensen, Morten Heine and Urzyczyn, Pawel},
  volume={149},
  year={2006}
}

@book{isabelle-overview,
  title={Isabelle/HOL: a proof assistant for higher-order logic},
  author={Nipkow, Tobias and Paulson, Lawrence C and Wenzel, Markus},
  volume={2283},
  year={2002}
}

@online{isabelle-installation,
  title={Isabelle installation page},
  url={http://isabelle.in.tum.de/installation.html},
  urldate={2016-07-10}
}

@article{binding,
  title={A new approach to abstract syntax with variable binding},
  author={Gabbay, Murdoch J and Pitts, Andrew M},
  journal={Formal aspects of computing},
  volume={13},
  number={3-5},
  pages={341--363},
  year={2002}
}
